<record><leader>00000cas a2200000 a 4500</leader><controlfield tag="001">17793334</controlfield><controlfield tag="008">880414d19021907nbuwr ne      0    0eng d</controlfield><datafield ind1=" " ind2=" " tag="010"><subfield code="a">sn 88086144 </subfield></datafield><datafield ind1=" " ind2=" " tag="040"><subfield code="a">NPV</subfield><subfield code="b">eng</subfield><subfield code="c">NPV</subfield><subfield code="d">MGN</subfield><subfield code="d">NVG</subfield><subfield code="d">OCL</subfield><subfield code="d">HLS</subfield><subfield code="d">OCLCQ</subfield><subfield code="d">OCLCF</subfield><subfield code="d">OCLCO</subfield></datafield><datafield ind1=" " ind2=" " tag="019"><subfield code="a">35868504</subfield></datafield><datafield ind1=" " ind2=" " tag="042"><subfield code="a">msc</subfield></datafield><datafield ind1=" " ind2=" " tag="043"><subfield code="a">n-us-nb</subfield></datafield><datafield ind1="0" ind2=" " tag="130"><subfield code="a">Independent (Lincoln, Neb.)</subfield></datafield><datafield ind1="1" ind2="4" tag="245"><subfield code="a">The independent.</subfield></datafield><datafield ind1="1" ind2="7" tag="246"><subfield code="a">Nebraska independent</subfield></datafield><datafield ind1=" " ind2=" " tag="260"><subfield code="a">Lincoln, Neb. :</subfield><subfield code="b">Nebraska Independent,</subfield><subfield code="c">1902-1907.</subfield></datafield><datafield ind1=" " ind2=" " tag="300"><subfield code="a">v.</subfield></datafield><datafield ind1=" " ind2=" " tag="310"><subfield code="a">Weekly</subfield></datafield><datafield ind1="0" ind2=" " tag="362"><subfield code="a">Vol. 14, no. 24 (Nov. 6, 1902)-20th year (Apr. 25, 1907).</subfield></datafield><datafield ind1=" " ind2=" " tag="580"><subfield code="a">Merged with: Weekly state journal (Lincoln, Neb.), and: Western swine breeder, to form: Independent farmer and western swine breeder.</subfield></datafield><datafield ind1=" " ind2="0" tag="651"><subfield code="a">Lincoln (Neb.)</subfield><subfield code="v">Newspapers.</subfield></datafield><datafield ind1=" " ind2="0" tag="651"><subfield code="a">Lancaster County (Neb.)</subfield><subfield code="v">Newspapers.</subfield></datafield><datafield ind1=" " ind2="7" tag="655"><subfield code="a">Newspapers.</subfield><subfield code="2">fast</subfield><subfield code="0">(OCoLC)fst01423814</subfield></datafield><datafield ind1=" " ind2="7" tag="651"><subfield code="a">Nebraska</subfield><subfield code="z">Lancaster County.</subfield><subfield code="2">fast</subfield><subfield code="0">(OCoLC)fst01211912</subfield></datafield><datafield ind1=" " ind2="7" tag="651"><subfield code="a">Nebraska</subfield><subfield code="z">Lincoln.</subfield><subfield code="2">fast</subfield><subfield code="0">(OCoLC)fst01208321</subfield></datafield><datafield ind1=" " ind2=" " tag="752"><subfield code="a">United States</subfield><subfield code="b">Nebraska</subfield><subfield code="c">Lancaster</subfield><subfield code="d">Lincoln.</subfield></datafield><datafield ind1="0" ind2="0" tag="780"><subfield code="t">Nebraska independent (Lincoln, Neb. : 1896)</subfield></datafield><datafield ind1="1" ind2="7" tag="785"><subfield code="t">Weekly state journal (Lincoln, Neb.)</subfield><subfield code="w">(DLC)sn 86063430</subfield></datafield><datafield ind1="1" ind2="7" tag="785"><subfield code="t">Western swine breeder</subfield></datafield><datafield ind1="1" ind2="7" tag="785"><subfield code="t">Independent farmer and western swine breeder</subfield></datafield></record>